<record><leader>00000cas a2200000 a 4500</leader><controlfield tag="001">15798316</controlfield><controlfield tag="008">870602d189u19uuinucr ne      0    0eng c</controlfield><datafield ind1=" " ind2=" " tag="010"><subfield code="a">sn 87056099 </subfield></datafield><datafield ind1=" " ind2=" " tag="040"><subfield code="a">NPI</subfield><subfield code="b">eng</subfield><subfield code="c">NPI</subfield><subfield code="d">OCLCQ</subfield><subfield code="d">IUL</subfield><subfield code="d">OCLCF</subfield></datafield><datafield ind1=" " ind2=" " tag="042"><subfield code="a">pcc</subfield></datafield><datafield ind1=" " ind2=" " tag="043"><subfield code="a">n-us-in</subfield></datafield><datafield ind1="0" ind2=" " tag="130"><subfield code="a">Logansport journal (Logansport, Ind. : Semiweekly)</subfield></datafield><datafield ind1="1" ind2="4" tag="245"><subfield code="a">The Logansport journal.</subfield></datafield><datafield ind1=" " ind2=" " tag="260"><subfield code="a">Logansport, Ind. :</subfield><subfield code="b">Tomlinson &amp; Torr</subfield></datafield><datafield ind1=" " ind2=" " tag="300"><subfield code="a">volumes</subfield></datafield><datafield ind1=" " ind2=" " tag="310"><subfield code="a">Semiweekly</subfield></datafield><datafield ind1=" " ind2=" " tag="580"><subfield code="a">Daily ed. Logansport daily journal (Logansport, Ind. : 1899); and: Logansport morning journal.</subfield></datafield><datafield ind1=" " ind2=" " tag="588"><subfield code="a">Description based on: 55th year, no. 1 (Jan. 1, 1901).</subfield></datafield><datafield ind1=" " ind2=" " tag="588"><subfield code="a">Latest issue consulted: Fifty-Sixth year, no.19 (March 25, 1902); U.S. Newspaper Archive (viewed May 4, 2017).</subfield></datafield><datafield ind1=" " ind2="0" tag="651"><subfield code="a">Logansport (Ind.)</subfield><subfield code="v">Newspapers.</subfield></datafield><datafield ind1=" " ind2="0" tag="651"><subfield code="a">Cass County (Ind.)</subfield><subfield code="v">Newspapers.</subfield></datafield><datafield ind1=" " ind2="7" tag="655"><subfield code="a">Newspapers.</subfield><subfield code="2">fast</subfield><subfield code="0">(OCoLC)fst01423814</subfield></datafield><datafield ind1=" " ind2="7" tag="651"><subfield code="a">Indiana</subfield><subfield code="z">Cass County.</subfield><subfield code="2">fast</subfield><subfield code="0">(OCoLC)fst01206116</subfield></datafield><datafield ind1=" " ind2="7" tag="651"><subfield code="a">Indiana</subfield><subfield code="z">Logansport.</subfield><subfield code="2">fast</subfield><subfield code="0">(OCoLC)fst01206115</subfield></datafield><datafield ind1=" " ind2=" " tag="752"><subfield code="a">United States</subfield><subfield code="b">Indiana</subfield><subfield code="c">Cass</subfield><subfield code="d">Logansport.</subfield></datafield><datafield ind1="1" ind2=" " tag="775"><subfield code="t">Logansport daily journal (Logansport, Ind. : 1899)</subfield><subfield code="w">(DLC)sn 87056056</subfield><subfield code="w">(OCoLC)15808942</subfield></datafield><datafield ind1="1" ind2=" " tag="775"><subfield code="t">Logansport morning journal</subfield><subfield code="w">(DLC)sn 87056027</subfield><subfield code="w">(OCoLC)15861468</subfield></datafield><datafield ind1="4" ind2="1" tag="856"><subfield code="u">https://access.newspaperarchive.com/us/indiana/logansport/logansport-journal/</subfield></datafield></record>